@book{portegies2018amuse,
  author = {Portegies Zwart, S. and McMillan, S.L.W.},
  title = {Astrophysical Recipes: the art of AMUSE},
  year = {2018},
  publisher = {AAS IOP Astronomy Publishing},
  pages = {411}
}

@article{portegies2013multiphysics,
  author = {Portegies Zwart, S. and McMillan, S. and Pelupessy, F. and van Elteren, A. and de Vries, N. and T. and others},
  title = {Multi-physics Simulations Using a Hierarchical Interchangeable Software Interface},
  journal = {Computer Physics Communications},
  volume = {183},
  pages = {456--468},
  year = {2013},
  doi = {10.1016/j.cpc.2012.09.024}
}

@article{pelupessy2013amuse,
  author = {Pelupessy, F. I. and van Elteren, A. and de Vries, N. and McMillan, S.L.W. and Portegies Zwart, S.},
  title = {The Astrophysical Multipurpose Software Environment},
  journal = {Astronomy and Astrophysics},
  volume = {557},
  pages = {A84},
  year = {2013},
  doi = {10.1051/0004-6361/201321188}
}

@article{portegies2009newastronomy,
  author = {Portegies Zwart, S. and McMillan, S.L.W. and Harfst, S. and Groen, D. and Fujii, M. and Nuallain, B. O. and Glebbeek, E. and others},
  title = {A multiphysics and multiscale software environment for modeling astrophysical systems},
  journal = {New Astronomy},
  volume = {14},
  number = {4},
  pages = {369--378},
  year = {2009},
  doi = {10.1016/j.newast.2008.10.006}
}

@article{whitehead2013amuse,
  author = {Whitehead, Alfred J. and McMillan, Stephen L. W. and Vesperini, Enrico and Portegies Zwart, Simon},
  title = {Simulating Star Clusters with the AMUSE Software Framework. I. Dependence of Cluster Lifetimes on Model Assumptions and Cluster Dissolution Modes},
  journal = {The Astrophysical Journal},
  volume = {778},
  number = {2},
  pages = {118},
  year = {2013},
  month = {December},
  doi = {10.1088/0004-637X/778/2/118},
  publisher = {The American Astronomical Society}
}

@article{Takahashi2000,
  author = {Takahashi, K. and Zwart, S.F.P.},
  title = {The evolution of globular clusters in the galaxy},
  journal = {The Astrophysical Journal},
  year = {2000},
  volume = {535},
  number = {2},
  pages = {759},
  doi = {10.1086/308842}
}

@article{Hut1995,
    author = {Hut, P. and Makino, J. and McMillan, S.},
    title = {The Effect of Stellar Interactions on the Evolution of Star Clusters},
    journal = {Astrophysical Journal Letters},
    volume = {443},
    pages = {L93--L96},
    year = {1995},
    doi = {10.1086/187811}
}


@article{PortegiesZwart1996,
    author = {Portegies Zwart, S. F. and Verbunt, F.},
    title = {Population Synthesis of High-Mass Binaries},
    journal = {Astronomy and Astrophysics},
    volume = {309},
    pages = {179--186},
    year = {1996},
    doi = {10.1051/aas:1996125}
}


@article{Toonen2012,
    author = {Toonen, S. and Nelemans, G. and Portegies Zwart, S. F.},
    title = {Supernova Type Ia Progenitors from Merging Double White Dwarfs: Using a New Population Synthesis Model},
    journal = {Astronomy and Astrophysics},
    volume = {546},
    pages = {A70},
    year = {2012},
    doi = {10.1051/0004-6361/201219651}
}

@article{Kroupa2001,
  author = {Kroupa, Pavel},
  title = {On the variation of the initial mass function},
  journal = {Monthly Notices of the Royal Astronomical Society},
  volume = {322},
  number = {2},
  pages = {231--246},
  year = {2001},
  doi = {10.1046/j.1365-8711.2001.04022.x}
}

@article{king1966,
  author = {King, Ivan R.},
  title = {The structure of star clusters. III. Some simple dynamical models},
  journal = {Astronomical Journal},
  volume = {71},
  pages = {64},
  year = {1966},
  doi = {10.1086/109857},
  pubdate = {February 1966}
}

@article{gebru2021dangers,
  author = {Timnit Gebru and Emily M. Bender and Angelina McMillan-Major and Margaret Mitchell},
  title = {On the Dangers of Stochastic Parrots: Can Language Models Be Too Big?},
  journal = {Proceedings of the 2021 ACM Conference on Fairness, Accountability, and Transparency},
  year = {2021},
  doi = {10.1145/3442188.3445922}
}

@misc{clusters,
  author = {{Harvard-Smithsonian Center for Astrophysics}},
  title = {Star Clusters},
  year = {n.d.},
  howpublished = {\url{https://www.cfa.harvard.edu/research/topic/star-clusters}},
  note = {Accessed: 2024-12-14}
}
